@Article{bib:beccari,
  author = 	 {Claudio Beccari},
  title = 	 {Typesetting mathematics for science and technology according to ISO 31/XI},
  journal = 	 {TUGboat},
  year = 	 {1997},
  OPTkey = 	 {},
  volume = 	 {18},
  number = 	 {1},
  pages = 	 {39-48},
  OPTmonth = 	 {},
  OPTnote = 	 {},
  OPTannote = 	 {}
}

